
@misc{wiki:pxe,
    author = "Wikipedia",
    title = "Preboot Execution Environment",
    year = "2010",
    url ="http://en.wikipedia.org/wiki/Preboot_Execution_Environment",
    note = "[Online; accessed 3-July-2010]"
}


@misc{wiki:python,
    author = "Wikipedia",
    title = "Python (programming language)",
    year = "2010",
    url ="http://en.wikipedia.org/wiki/Python_\%28programming_language\%29",
    note = "[Online; accessed 1-July-2010]"
}




@misc{cisco:multicast,
    author = "Cisco",
    title = "Internetworking Technology Handbook",
    year = "2010",
    url ="http://www.cisco.com/en/US/docs/internetworking/technology/handbook/IP-Multi.html",
    note = "[Online; accessed 5-July-2010]"
}


@misc{man:udp-receiver,
    author = "UDP Cast",
    title = "UDP Cast man pages",
    year = "2004",
    url = "http://linux.die.net/man/1/udp-receiver",
    note = "[Online; accessed 2-July-2010]"
}
@misc{man:udp-sender,
    author = "UDP Cast",
    title = "UDP Cast man pages",
    year = "2004",
    url = "http://linux.die.net/man/1/udp-sender",
    note = "[Online; accessed 2-July-2010]"
}

