@misc{paper:me,
    author = "Alexandru Juncu",
    title = "Operating Systems Imaging Solution with Centralised Archiving and Distribution",
    year = "2010"
}
@misc{paper:freezing,
    author = "Valentin Pirescu",
    title = "On-demand file system freezing",
    year = "2010"
}

@misc{paper:vmchecker,
    author = "Valentin Go»ôu",
    title = "vmchecker - enhancement and scalability",
    year = "2012"
}


@inproceedings{paper:virtualization,
 author = {Huber, Nikolaus and Von Quast, Marcel and Brosig, Fabian and
Kounev, Samuel},
 title = {Analysis of the performance-influencing factors of
virtualization platforms},
 booktitle = {Proceedings of the 2010 international conference on On the
move to meaningful internet systems: Part II},
 series = {OTM'10},
 year = {2010},
 isbn = {3-642-16948-1, 978-3-642-16948-9},
 location = {Hersonissos, Crete, Greece},
 pages = {811--828},
 numpages = {18},
 url = {http://dl.acm.org/citation.cfm?id=1926129.1926144},
 acmid = {1926144},
 publisher = {Springer-Verlag},
 address = {Berlin, Heidelberg},
 keywords = {benchmarking, modeling, performance, virtualization},
}
inproceedings{paper:large-scale-p2p-sim,
	author = {Dinh, Tien Tuan Anh and Theodoropoulos, Georgios and Minson, Rob},
	title = {Evaluating Large Scale Distributed Simulation of P2P Networks},
	booktitle = {DS-RT '08: Proceedings of the 2008 12th IEEE/ACM International Symposium on Distributed Simulation and Real-Time Applications},
	year = {2008},
	isbn = {978-0-7695-3425-1},
	pages = {51--58},
	doi = {http://dx.doi.org/10.1109/DS-RT.2008.36},
	publisher = {IEEE Computer Society},
	address = {Washington, DC, USA},
}

@techreport{paper:intel-vpro,
	author = {Intel Corporation},
	title = {Built-in Manageability and Proactive Security for Business Desktop PCs},
	year = {2006},
}

# sample URL
misc{openvz,
	howpublished = {{http://wiki.openvz.org/}},
	title = {{OpenVZ}}
}


